<?xml version="1.0" encoding="utf-8"?>
<searchRetrieveResponse xmlns="http://www.loc.gov/zing/srw/"><version>1.1</version><numberOfRecords>6</numberOfRecords><records><record><recordSchema>MARC21-xml</recordSchema><recordPacking>xml</recordPacking><recordData><record type="Bibliographic" xmlns="http://www.loc.gov/MARC21/slim">
<leader>00000pam a2200000 c 4500</leader>
<controlfield tag="001">132671015X</controlfield>
<controlfield tag="003">DE-101</controlfield>
<controlfield tag="005">20250717093913.0</controlfield>
<controlfield tag="007">tu</controlfield>
<controlfield tag="008">240419s2025    gw ||||| |||| 00||||ger  </controlfield>
<datafield ind1=" " ind2=" " tag="015">
<subfield code="a">25,A29</subfield>
<subfield code="z">24,N17</subfield>
<subfield code="2">dnb</subfield>
</datafield>
<datafield ind1="7" ind2=" " tag="016">
<subfield code="2">DE-101</subfield>
<subfield code="a">132671015X</subfield>
</datafield>
<datafield ind1=" " ind2=" " tag="020">
<subfield code="a">9783404194315</subfield>
<subfield code="c">Broschur : EUR 12.99 (DE), EUR 13.40 (AT), CHF 17.90 (freier Preis)</subfield>
<subfield code="9">978-3-404-19431-5</subfield>
</datafield>
<datafield ind1=" " ind2=" " tag="020">
<subfield code="a">3404194314</subfield>
<subfield code="9">3-404-19431-4</subfield>
</datafield>
<datafield ind1="3" ind2=" " tag="024">
<subfield code="a">9783404194315</subfield>
</datafield>
<datafield ind1="5" ind2="2" tag="028">
<subfield code="a">Bestellnummer 19431</subfield>
</datafield>
<datafield ind1=" " ind2=" " tag="035">
<subfield code="a">(DE-599)DNB132671015X</subfield>
</datafield>
<datafield ind1=" " ind2=" " tag="035">
<subfield code="a">(OCoLC)1528037296</subfield>
</datafield>
<datafield ind1=" " ind2=" " tag="040">
<subfield code="a">1145</subfield>
<subfield code="b">ger</subfield>
<subfield code="c">DE-101</subfield>
<subfield code="d">9999</subfield>
<subfield code="e">rda</subfield>
</datafield>
<datafield ind1=" " ind2=" " tag="041">
<subfield code="a">ger</subfield>
</datafield>
<datafield ind1=" " ind2=" " tag="044">
<subfield code="c">XA-DE-NW</subfield>
</datafield>
<datafield ind1="7" ind2="4" tag="082">
<subfield code="8">2\p</subfield>
<subfield code="a">830</subfield>
<subfield code="a">B</subfield>
<subfield code="q">DE-101</subfield>
<subfield code="2">23sdnb</subfield>
</datafield>
<datafield ind1="1" ind2=" " tag="100">
<subfield code="8">1\p</subfield>
<subfield code="0">(DE-588)134257103</subfield>
<subfield code="0">https://d-nb.info/gnd/134257103</subfield>
<subfield code="0">(DE-101)134257103</subfield>
<subfield code="a">Müller, Jessica</subfield>
<subfield code="d">1976-</subfield>
<subfield code="e">Verfasser</subfield>
<subfield code="4">aut</subfield>
<subfield code="2">gnd</subfield>
</datafield>
<datafield ind1="1" ind2="0" tag="245">
<subfield code="a">Kalter Hund und Krustenbraten</subfield>
<subfield code="b">ein Bayern-Krimi</subfield>
<subfield code="c">Jessica Müller</subfield>
</datafield>
<datafield ind1=" " ind2=" " tag="250">
<subfield code="a">Vollständige Taschenbuchausgabe der bei Bastei Lübbe erschienenen E-Book-Ausgabe</subfield>
</datafield>
<datafield ind1=" " ind2=" " tag="259">
<subfield code="a">votdbblee</subfield>
</datafield>
<datafield ind1=" " ind2="1" tag="264">
<subfield code="a">Köln</subfield>
<subfield code="b">Lübbe</subfield>
<subfield code="c">[2025]</subfield>
</datafield>
<datafield ind1=" " ind2=" " tag="300">
<subfield code="a">313 Seiten</subfield>
<subfield code="c">19 cm</subfield>
</datafield>
<datafield ind1=" " ind2=" " tag="336">
<subfield code="a">Text</subfield>
<subfield code="b">txt</subfield>
<subfield code="2">rdacontent</subfield>
</datafield>
<datafield ind1=" " ind2=" " tag="337">
<subfield code="a">ohne Hilfsmittel zu benutzen</subfield>
<subfield code="b">n</subfield>
<subfield code="2">rdamedia</subfield>
</datafield>
<datafield ind1=" " ind2=" " tag="338">
<subfield code="a">Band</subfield>
<subfield code="b">nc</subfield>
<subfield code="2">rdacarrier</subfield>
</datafield>
<datafield ind1=" " ind2=" " tag="653">
<subfield code="a">(Produktform)Paperback / softback</subfield>
</datafield>
<datafield ind1=" " ind2=" " tag="653">
<subfield code="a">(BISAC Subject Heading)FIC022000</subfield>
</datafield>
<datafield ind1=" " ind2=" " tag="653">
<subfield code="a">(BISAC Subject Heading)FIC022130</subfield>
</datafield>
<datafield ind1=" " ind2=" " tag="653">
<subfield code="a">Bayern</subfield>
</datafield>
<datafield ind1=" " ind2=" " tag="653">
<subfield code="a">Dachauer Land</subfield>
</datafield>
<datafield ind1=" " ind2=" " tag="653">
<subfield code="a">Dachau</subfield>
</datafield>
<datafield ind1=" " ind2=" " tag="653">
<subfield code="a">Oberbayern</subfield>
</datafield>
<datafield ind1=" " ind2=" " tag="653">
<subfield code="a">Dorf</subfield>
</datafield>
<datafield ind1=" " ind2=" " tag="653">
<subfield code="a">Süddeutschland</subfield>
</datafield>
<datafield ind1=" " ind2=" " tag="653">
<subfield code="a">Regiokrimi</subfield>
</datafield>
<datafield ind1=" " ind2=" " tag="653">
<subfield code="a">Regionalkrimi</subfield>
</datafield>
<datafield ind1=" " ind2=" " tag="653">
<subfield code="a">Bayernkrimi</subfield>
</datafield>
<datafield ind1=" " ind2=" " tag="653">
<subfield code="a">Heimatkrimi</subfield>
</datafield>
<datafield ind1=" " ind2=" " tag="653">
<subfield code="a">Lokalkrimi</subfield>
</datafield>
<datafield ind1=" " ind2=" " tag="653">
<subfield code="a">Cosy Crime</subfield>
</datafield>
<datafield ind1=" " ind2=" " tag="653">
<subfield code="a">Cozy Crime</subfield>
</datafield>
<datafield ind1=" " ind2=" " tag="653">
<subfield code="a">München</subfield>
</datafield>
<datafield ind1=" " ind2=" " tag="653">
<subfield code="a">Krindelsdorf</subfield>
</datafield>
<datafield ind1=" " ind2=" " tag="653">
<subfield code="a">Mops</subfield>
</datafield>
<datafield ind1=" " ind2=" " tag="653">
<subfield code="a">Hundeshow</subfield>
</datafield>
<datafield ind1=" " ind2=" " tag="653">
<subfield code="a">Gemütlich</subfield>
</datafield>
<datafield ind1=" " ind2=" " tag="653">
<subfield code="a">spannend</subfield>
</datafield>
<datafield ind1=" " ind2=" " tag="653">
<subfield code="a">witzig</subfield>
</datafield>
<datafield ind1=" " ind2=" " tag="653">
<subfield code="a">lustig</subfield>
</datafield>
<datafield ind1=" " ind2=" " tag="653">
<subfield code="a">LKA</subfield>
</datafield>
<datafield ind1=" " ind2=" " tag="653">
<subfield code="a">Mord</subfield>
</datafield>
<datafield ind1=" " ind2=" " tag="653">
<subfield code="a">Familie</subfield>
</datafield>
<datafield ind1=" " ind2=" " tag="653">
<subfield code="a">Konkurrenz</subfield>
</datafield>
<datafield ind1=" " ind2=" " tag="653">
<subfield code="a">Eifersucht</subfield>
</datafield>
<datafield ind1=" " ind2=" " tag="653">
<subfield code="a">Krimis</subfield>
</datafield>
<datafield ind1=" " ind2=" " tag="653">
<subfield code="a">(BISAC Subject Heading)FIC022000</subfield>
</datafield>
<datafield ind1=" " ind2=" " tag="653">
<subfield code="a">(VLB-WN)2121: Taschenbuch / Belletristik/Krimis, Thriller, Spionage</subfield>
</datafield>
<datafield ind1=" " ind2=" " tag="653">
<subfield code="a">(Lesealter)ab 16 Jahre</subfield>
</datafield>
<datafield ind1=" " ind2=" " tag="653">
<subfield code="a">(BISAC Subject Heading)FIC022020</subfield>
</datafield>
<datafield ind1=" " ind2=" " tag="653">
<subfield code="a">(BISAC Subject Heading)FIC022130: FICTION / Mystery &amp; Detective / Cozy / Culinary</subfield>
</datafield>
<datafield ind1=" " ind2=" " tag="653">
<subfield code="a">Bayern;Dachauer Land;Dachau;Oberbayern;Dorf;Süddeutschland;Regiokrimi;Regionalkrimi;Bayernkrimi;Heimatkrimi;Lokalkrimi;Cosy Crime;Cozy Crime;München;Krindelsdorf;Mops;Hundeshow;Gemütlich;spannend;witzig;lustig;LKA;Mord;Familie;Konkurrenz;Eifersucht;Krimis</subfield>
</datafield>
<datafield ind1=" " ind2=" " tag="653">
<subfield code="a">(BISAC Subject Heading)FIC022020: FICTION / Mystery &amp; Detective / Police Procedural</subfield>
</datafield>
<datafield ind1=" " ind2="7" tag="655">
<subfield code="0">(DE-588)1071854844</subfield>
<subfield code="0">https://d-nb.info/gnd/1071854844</subfield>
<subfield code="0">(DE-101)1071854844</subfield>
<subfield code="a">Fiktionale Darstellung</subfield>
<subfield code="2">gnd-content</subfield>
</datafield>
<datafield ind1=" " ind2="7" tag="655">
<subfield code="0">(DE-101)1010874802</subfield>
<subfield code="a">Krimis, Thriller, Spionage</subfield>
<subfield code="2">gatbeg</subfield>
</datafield>
<datafield ind1="0" ind2="8" tag="776">
<subfield code="i">Erscheint auch als</subfield>
<subfield code="z">9783754010303</subfield>
</datafield>
<datafield ind1="0" ind2="8" tag="776">
<subfield code="i">Erscheint auch als</subfield>
<subfield code="n">Online-Ausgabe</subfield>
<subfield code="a">Müller, Jessica, 1976-</subfield>
<subfield code="t">Kalter Hund und Krustenbraten</subfield>
<subfield code="d">Köln : beTHRILLED, 2023</subfield>
<subfield code="h">Online-Ressource, 311 Seiten</subfield>
<subfield code="w">(DE-101)1315573105</subfield>
<subfield code="b">1. Auflage 2023</subfield>
</datafield>
<datafield ind1="0" ind2="8" tag="787">
<subfield code="i">In Beziehung stehende Ressource</subfield>
<subfield code="z">9783404185276</subfield>
</datafield>
<datafield ind1="0" ind2="8" tag="787">
<subfield code="i">In Beziehung stehende Ressource</subfield>
<subfield code="z">9783404188024</subfield>
</datafield>
<datafield ind1="0" ind2="8" tag="787">
<subfield code="i">In Beziehung stehende Ressource</subfield>
<subfield code="z">9783404188987</subfield>
</datafield>
<datafield ind1=" " ind2=" " tag="850">
<subfield code="a">DE-101a</subfield>
<subfield code="a">DE-101b</subfield>
</datafield>
<datafield ind1="4" ind2="2" tag="856">
<subfield code="m">X:MVB</subfield>
<subfield code="q">text/html</subfield>
<subfield code="u">http://deposit.dnb.de/cgi-bin/dokserv?id=ca5f604b99a94888b867f8ede77fd407&amp;prov=M&amp;dok_var=1&amp;dok_ext=htm</subfield>
<subfield code="3">Inhaltstext</subfield>
</datafield>
<datafield ind1="2" ind2=" " tag="883">
<subfield code="8">1\p</subfield>
<subfield code="a">dnb</subfield>
<subfield code="d">20250709</subfield>
<subfield code="q">DE-101</subfield>
<subfield code="u">https://d-nb.info/provenance/plan#dnb</subfield>
</datafield>
<datafield ind1="2" ind2=" " tag="883">
<subfield code="8">2\p</subfield>
<subfield code="a">dnb</subfield>
<subfield code="d">20250711</subfield>
<subfield code="q">DE-101</subfield>
<subfield code="u">https://d-nb.info/provenance/plan#dnb</subfield>
</datafield>
<datafield ind1="r" ind2=" " tag="925">
<subfield code="a">ra</subfield>
</datafield>
<datafield ind1="1" ind2=" " tag="926">
<subfield code="a">FF</subfield>
<subfield code="o">93</subfield>
<subfield code="q">Publisher</subfield>
<subfield code="v">1.6</subfield>
<subfield code="x">Kriminalromane und Mystery</subfield>
</datafield>
<datafield ind1="2" ind2=" " tag="926">
<subfield code="a">FXR</subfield>
<subfield code="o">93</subfield>
<subfield code="q">Publisher</subfield>
<subfield code="v">1.6</subfield>
<subfield code="x">Belletristik: Themen, Stoffe, Motive: Regionalroman</subfield>
</datafield>
<datafield ind1="2" ind2=" " tag="926">
<subfield code="a">FU</subfield>
<subfield code="o">93</subfield>
<subfield code="q">Publisher</subfield>
<subfield code="v">1.6</subfield>
<subfield code="x">Belletristik: Humor</subfield>
</datafield>
<datafield ind1="2" ind2=" " tag="926">
<subfield code="a">FFP</subfield>
<subfield code="o">93</subfield>
<subfield code="q">Publisher</subfield>
<subfield code="v">1.6</subfield>
<subfield code="x">Kriminalromane und Mystery: Polizeiarbeit &amp; Forensik</subfield>
</datafield>
<datafield ind1="2" ind2=" " tag="926">
<subfield code="a">1DFG-DE-TBB</subfield>
<subfield code="o">94</subfield>
<subfield code="q">Publisher</subfield>
<subfield code="v">1.6</subfield>
<subfield code="x">Oberbayern</subfield>
</datafield>
<datafield ind1="2" ind2=" " tag="926">
<subfield code="a">3MRB</subfield>
<subfield code="o">96</subfield>
<subfield code="q">Publisher</subfield>
<subfield code="v">1.6</subfield>
<subfield code="x">Erste Hälfte 21. Jahrhundert (ca. 2000 bis ca. 2050)</subfield>
</datafield>
</record></recordData><recordPosition>1</recordPosition></record>