<record><recordSchema>MARC21-xml</recordSchema><recordPacking>xml</recordPacking><recordData><record type="Bibliographic" xmlns="http://www.loc.gov/MARC21/slim">
<leader>00000nam a2200000uc 4500</leader>
<controlfield tag="001">1315573105</controlfield>
<controlfield tag="003">DE-101</controlfield>
<controlfield tag="005">20250711223251.0</controlfield>
<controlfield tag="007">cr||||||||||||</controlfield>
<controlfield tag="008">240111s2023    gw |||||o|||| 00||||ger  </controlfield>
<datafield ind1=" " ind2=" " tag="015">
<subfield code="a">24,O02</subfield>
<subfield code="2">dnb</subfield>
</datafield>
<datafield ind1="7" ind2=" " tag="016">
<subfield code="2">DE-101</subfield>
<subfield code="a">1315573105</subfield>
</datafield>
<datafield ind1=" " ind2=" " tag="020">
<subfield code="a">9783751725477</subfield>
<subfield code="9">978-3-7517-2547-7</subfield>
</datafield>
<datafield ind1="3" ind2=" " tag="024">
<subfield code="a">9783751725477</subfield>
</datafield>
<datafield ind1="7" ind2=" " tag="024">
<subfield code="2">urn</subfield>
<subfield code="a">urn:nbn:de:101:1-2024011101432289315309</subfield>
</datafield>
<datafield ind1=" " ind2=" " tag="035">
<subfield code="a">(DE-599)DNB1315573105</subfield>
</datafield>
<datafield ind1=" " ind2=" " tag="035">
<subfield code="a">(OCoLC)1420192183</subfield>
</datafield>
<datafield ind1=" " ind2=" " tag="040">
<subfield code="a">1140</subfield>
<subfield code="b">ger</subfield>
<subfield code="c">DE-101</subfield>
<subfield code="d">9999</subfield>
</datafield>
<datafield ind1=" " ind2=" " tag="041">
<subfield code="8">1\p</subfield>
<subfield code="a">ger</subfield>
</datafield>
<datafield ind1=" " ind2=" " tag="044">
<subfield code="c">XA-DE-NW</subfield>
</datafield>
<datafield ind1="7" ind2="4" tag="082">
<subfield code="8">4\p</subfield>
<subfield code="a">830</subfield>
<subfield code="a">B</subfield>
<subfield code="q">DE-101</subfield>
<subfield code="2">23sdnb</subfield>
</datafield>
<datafield ind1="1" ind2=" " tag="100">
<subfield code="8">3\p</subfield>
<subfield code="0">(DE-588)134257103</subfield>
<subfield code="0">https://d-nb.info/gnd/134257103</subfield>
<subfield code="0">(DE-101)134257103</subfield>
<subfield code="a">Müller, Jessica</subfield>
<subfield code="d">1976-</subfield>
<subfield code="e">Verfasser</subfield>
<subfield code="4">aut</subfield>
<subfield code="2">gnd</subfield>
</datafield>
<datafield ind1="1" ind2="0" tag="245">
<subfield code="a">Kalter Hund und Krustenbraten</subfield>
<subfield code="b">Ein Bayern-Krimi</subfield>
<subfield code="c">Jessica Müller</subfield>
</datafield>
<datafield ind1=" " ind2=" " tag="250">
<subfield code="a">1. Auflage 2023</subfield>
</datafield>
<datafield ind1=" " ind2=" " tag="259">
<subfield code="a">11</subfield>
</datafield>
<datafield ind1=" " ind2="1" tag="264">
<subfield code="a">Köln</subfield>
<subfield code="b">beTHRILLED</subfield>
<subfield code="c">2023</subfield>
</datafield>
<datafield ind1=" " ind2=" " tag="300">
<subfield code="a">Online-Ressource, 311 Seiten</subfield>
</datafield>
<datafield ind1=" " ind2=" " tag="336">
<subfield code="a">Text</subfield>
<subfield code="b">txt</subfield>
<subfield code="2">rdacontent</subfield>
</datafield>
<datafield ind1=" " ind2=" " tag="337">
<subfield code="a">Computermedien</subfield>
<subfield code="b">c</subfield>
<subfield code="2">rdamedia</subfield>
</datafield>
<datafield ind1=" " ind2=" " tag="338">
<subfield code="a">Online-Ressource</subfield>
<subfield code="b">cr</subfield>
<subfield code="2">rdacarrier</subfield>
</datafield>
<datafield ind1="1" ind2=" " tag="490">
<subfield code="a">Hauptkommissar Hirschberg</subfield>
<subfield code="v">7</subfield>
</datafield>
<datafield ind1="1" ind2=" " tag="583">
<subfield code="a">Archivierung/Langzeitarchivierung gewährleistet</subfield>
<subfield code="5">DE-101</subfield>
<subfield code="2">pdager</subfield>
</datafield>
<datafield ind1=" " ind2=" " tag="653">
<subfield code="a">(Produktform)Electronic book text</subfield>
</datafield>
<datafield ind1=" " ind2=" " tag="653">
<subfield code="a">(Lesealter)ab 16 Jahre</subfield>
</datafield>
<datafield ind1=" " ind2=" " tag="653">
<subfield code="a">(BISAC Subject Heading)FIC022020</subfield>
</datafield>
<datafield ind1=" " ind2=" " tag="653">
<subfield code="a">(Produktform (spezifisch))Reflowable</subfield>
</datafield>
<datafield ind1=" " ind2=" " tag="653">
<subfield code="a">(BISAC Subject Heading)FIC022130: FICTION / Mystery &amp; Detective / Cozy / Culinary</subfield>
</datafield>
<datafield ind1=" " ind2=" " tag="653">
<subfield code="a">Bayern;Dachauer Land;Dachau;Oberbayern;Dorf;Süddeutschland;Regiokrimi;Regionalkrimi;Bayernkrimi;Heimatkrimi;Lokalkrimi;Cosy Crime;Cozy Crime;München;Krindelsdorf;Mops;Hundeshow;Gemütlich;spannend;witzig;lustig;LKA;Mord;Familie;Konkurrenz;Eifersucht;Krimis</subfield>
</datafield>
<datafield ind1=" " ind2=" " tag="653">
<subfield code="a">(VLB-WN)9121: Belletristik / Krimis, Thriller, Spionage</subfield>
</datafield>
<datafield ind1=" " ind2=" " tag="653">
<subfield code="a">(BISAC Subject Heading)FIC022020: FICTION / Mystery &amp; Detective / Police Procedural</subfield>
</datafield>
<datafield ind1=" " ind2=" " tag="653">
<subfield code="a">(BISAC Subject Heading)FIC022000</subfield>
</datafield>
<datafield ind1=" " ind2=" " tag="653">
<subfield code="a">(BISAC Subject Heading)FIC022130</subfield>
</datafield>
<datafield ind1=" " ind2=" " tag="653">
<subfield code="a">Bayern</subfield>
</datafield>
<datafield ind1=" " ind2=" " tag="653">
<subfield code="a">Dachauer Land</subfield>
</datafield>
<datafield ind1=" " ind2=" " tag="653">
<subfield code="a">Dachau</subfield>
</datafield>
<datafield ind1=" " ind2=" " tag="653">
<subfield code="a">Oberbayern</subfield>
</datafield>
<datafield ind1=" " ind2=" " tag="653">
<subfield code="a">Dorf</subfield>
</datafield>
<datafield ind1=" " ind2=" " tag="653">
<subfield code="a">Süddeutschland</subfield>
</datafield>
<datafield ind1=" " ind2=" " tag="653">
<subfield code="a">Regiokrimi</subfield>
</datafield>
<datafield ind1=" " ind2=" " tag="653">
<subfield code="a">Regionalkrimi</subfield>
</datafield>
<datafield ind1=" " ind2=" " tag="653">
<subfield code="a">Bayernkrimi</subfield>
</datafield>
<datafield ind1=" " ind2=" " tag="653">
<subfield code="a">Heimatkrimi</subfield>
</datafield>
<datafield ind1=" " ind2=" " tag="653">
<subfield code="a">Lokalkrimi</subfield>
</datafield>
<datafield ind1=" " ind2=" " tag="653">
<subfield code="a">Cosy Crime</subfield>
</datafield>
<datafield ind1=" " ind2=" " tag="653">
<subfield code="a">Cozy Crime</subfield>
</datafield>
<datafield ind1=" " ind2=" " tag="653">
<subfield code="a">München</subfield>
</datafield>
<datafield ind1=" " ind2=" " tag="653">
<subfield code="a">Krindelsdorf</subfield>
</datafield>
<datafield ind1=" " ind2=" " tag="653">
<subfield code="a">Mops</subfield>
</datafield>
<datafield ind1=" " ind2=" " tag="653">
<subfield code="a">Hundeshow</subfield>
</datafield>
<datafield ind1=" " ind2=" " tag="653">
<subfield code="a">Gemütlich</subfield>
</datafield>
<datafield ind1=" " ind2=" " tag="653">
<subfield code="a">spannend</subfield>
</datafield>
<datafield ind1=" " ind2=" " tag="653">
<subfield code="a">witzig</subfield>
</datafield>
<datafield ind1=" " ind2=" " tag="653">
<subfield code="a">lustig</subfield>
</datafield>
<datafield ind1=" " ind2=" " tag="653">
<subfield code="a">LKA</subfield>
</datafield>
<datafield ind1=" " ind2=" " tag="653">
<subfield code="a">Mord</subfield>
</datafield>
<datafield ind1=" " ind2=" " tag="653">
<subfield code="a">Familie</subfield>
</datafield>
<datafield ind1=" " ind2=" " tag="653">
<subfield code="a">Konkurrenz</subfield>
</datafield>
<datafield ind1=" " ind2=" " tag="653">
<subfield code="a">Eifersucht</subfield>
</datafield>
<datafield ind1=" " ind2=" " tag="653">
<subfield code="a">Krimis</subfield>
</datafield>
<datafield ind1=" " ind2="7" tag="655">
<subfield code="8">2\p</subfield>
<subfield code="0">(DE-588)1071854844</subfield>
<subfield code="0">https://d-nb.info/gnd/1071854844</subfield>
<subfield code="0">(DE-101)1071854844</subfield>
<subfield code="a">Fiktionale Darstellung</subfield>
<subfield code="2">gnd-content</subfield>
</datafield>
<datafield ind1=" " ind2="7" tag="655">
<subfield code="0">(DE-101)1010874802</subfield>
<subfield code="a">Krimis, Thriller, Spionage</subfield>
<subfield code="2">gatbeg</subfield>
</datafield>
<datafield ind1="0" ind2="8" tag="776">
<subfield code="i">Erscheint auch als</subfield>
<subfield code="z">9783754010303</subfield>
</datafield>
<datafield ind1="0" ind2="8" tag="776">
<subfield code="i">Erscheint auch als</subfield>
<subfield code="n">Druck-Ausgabe</subfield>
<subfield code="a">Müller, Jessica, 1976-</subfield>
<subfield code="t">Kalter Hund und Krustenbraten</subfield>
<subfield code="d">Köln : Lübbe, [2025]</subfield>
<subfield code="h">313 Seiten</subfield>
<subfield code="w">(DE-101)132671015X</subfield>
<subfield code="b">Vollständige Taschenbuchausgabe der bei Bastei Lübbe erschienenen E-Book-Ausgabe</subfield>
</datafield>
<datafield ind1=" " ind2="0" tag="830">
<subfield code="a">Hauptkommissar Hirschberg</subfield>
<subfield code="v">7</subfield>
</datafield>
<datafield ind1=" " ind2=" " tag="850">
<subfield code="a">DE-101a</subfield>
<subfield code="a">DE-101b</subfield>
</datafield>
<datafield ind1="4" ind2="0" tag="856">
<subfield code="u">https://nbn-resolving.org/urn:nbn:de:101:1-2024011101432289315309</subfield>
<subfield code="x">Resolving-System</subfield>
</datafield>
<datafield ind1=" " ind2="0" tag="856">
<subfield code="u">https://d-nb.info/1315573105/34</subfield>
<subfield code="x">Langzeitarchivierung Nationalbibliothek</subfield>
</datafield>
<datafield ind1="4" ind2=" " tag="856">
<subfield code="q">epub</subfield>
</datafield>
<datafield ind1="2" ind2=" " tag="883">
<subfield code="8">1\p</subfield>
<subfield code="a">dnb-pa</subfield>
<subfield code="d">20250128</subfield>
<subfield code="q">DE-101</subfield>
<subfield code="u">https://d-nb.info/provenance/plan#dnb-pa</subfield>
</datafield>
<datafield ind1="2" ind2=" " tag="883">
<subfield code="8">2\p</subfield>
<subfield code="a">dnb-pa</subfield>
<subfield code="d">20250711</subfield>
<subfield code="q">DE-101</subfield>
<subfield code="u">https://d-nb.info/provenance/plan#dnb-pa</subfield>
</datafield>
<datafield ind1=" " ind2=" " tag="883">
<subfield code="8">3\p</subfield>
<subfield code="a">cgwrk</subfield>
<subfield code="d">20240112</subfield>
<subfield code="q">DE-101</subfield>
<subfield code="u">https://d-nb.info/provenance/plan#cgwrk</subfield>
</datafield>
<datafield ind1="2" ind2=" " tag="883">
<subfield code="8">4\p</subfield>
<subfield code="a">dnb-pa</subfield>
<subfield code="d">20250711</subfield>
<subfield code="q">DE-101</subfield>
<subfield code="u">https://d-nb.info/provenance/plan#dnb-pa</subfield>
</datafield>
<datafield ind1="r" ind2=" " tag="925">
<subfield code="a">ro</subfield>
<subfield code="a">ra</subfield>
</datafield>
<datafield ind1="1" ind2=" " tag="926">
<subfield code="a">FFJ</subfield>
<subfield code="o">93</subfield>
<subfield code="v">1.2</subfield>
<subfield code="x">Crime and mystery: cosy mystery</subfield>
</datafield>
<datafield ind1="2" ind2=" " tag="926">
<subfield code="a">FXR</subfield>
<subfield code="o">93</subfield>
<subfield code="v">1.2</subfield>
<subfield code="x">Narrative theme: Sense of place</subfield>
</datafield>
<datafield ind1="2" ind2=" " tag="926">
<subfield code="a">FU</subfield>
<subfield code="o">93</subfield>
<subfield code="v">1.2</subfield>
<subfield code="x">Humorous fiction</subfield>
</datafield>
<datafield ind1="2" ind2=" " tag="926">
<subfield code="a">FFP</subfield>
<subfield code="o">93</subfield>
<subfield code="v">1.2</subfield>
<subfield code="x">Crime and mystery: police procedural</subfield>
</datafield>
<datafield ind1="2" ind2=" " tag="926">
<subfield code="a">1DFG-DE-TBB</subfield>
<subfield code="o">94</subfield>
<subfield code="v">1.2</subfield>
<subfield code="x">Upper Bavaria</subfield>
</datafield>
<datafield ind1="2" ind2=" " tag="926">
<subfield code="a">3MRB</subfield>
<subfield code="o">96</subfield>
<subfield code="v">1.2</subfield>
<subfield code="x">Early 21st century c 2000 to c 2050</subfield>
</datafield>
<datafield ind1=" " ind2=" " tag="927">
<subfield code="a">235470851</subfield>
</datafield>
</record></recordData><recordPosition>4</recordPosition></record>