<record><recordSchema>MARC21-xml</recordSchema><recordPacking>xml</recordPacking><recordData><record type="Bibliographic" xmlns="http://www.loc.gov/MARC21/slim">
<leader>00000pam a2200000 c 4500</leader>
<controlfield tag="001">1335205160</controlfield>
<controlfield tag="003">DE-101</controlfield>
<controlfield tag="005">20250409112403.0</controlfield>
<controlfield tag="007">tu</controlfield>
<controlfield tag="008">240710s2021    gw ||||| |||| 00||||ger  </controlfield>
<datafield ind1=" " ind2=" " tag="015">
<subfield code="a">24,N29</subfield>
<subfield code="2">dnb</subfield>
</datafield>
<datafield ind1="7" ind2=" " tag="016">
<subfield code="2">DE-101</subfield>
<subfield code="a">1335205160</subfield>
</datafield>
<datafield ind1=" " ind2=" " tag="020">
<subfield code="a">9783964031518</subfield>
<subfield code="c">Broschur : EUR 19.90 (DE), EUR 20.50 (AT)</subfield>
<subfield code="9">978-3-96403-151-8</subfield>
</datafield>
<datafield ind1=" " ind2=" " tag="020">
<subfield code="a">3964031518</subfield>
<subfield code="9">3-96403-151-8</subfield>
</datafield>
<datafield ind1="3" ind2=" " tag="024">
<subfield code="a">9783964031518</subfield>
</datafield>
<datafield ind1=" " ind2=" " tag="035">
<subfield code="a">(DE-599)DNB1335205160</subfield>
</datafield>
<datafield ind1=" " ind2=" " tag="035">
<subfield code="a">(OCoLC)1446437358</subfield>
</datafield>
<datafield ind1=" " ind2=" " tag="040">
<subfield code="a">1145</subfield>
<subfield code="b">ger</subfield>
<subfield code="c">DE-101</subfield>
<subfield code="d">1150</subfield>
<subfield code="e">rda</subfield>
</datafield>
<datafield ind1=" " ind2=" " tag="041">
<subfield code="a">ger</subfield>
</datafield>
<datafield ind1=" " ind2=" " tag="044">
<subfield code="c">XA-DE-NW</subfield>
</datafield>
<datafield ind1="7" ind2="4" tag="082">
<subfield code="8">3\p</subfield>
<subfield code="a">640</subfield>
<subfield code="q">DE-101</subfield>
<subfield code="2">23sdnb</subfield>
</datafield>
<datafield ind1="1" ind2=" " tag="100">
<subfield code="8">1\p</subfield>
<subfield code="a">Münstermann, Moni</subfield>
<subfield code="e">Verfasser</subfield>
<subfield code="4">aut</subfield>
</datafield>
<datafield ind1="1" ind2="0" tag="245">
<subfield code="a">Mia San Vegan</subfield>
<subfield code="b">bayrisches Kochbuch für Veggies - 63 ausgefallene vegane Rezepte von Obazda bis Krustenbraten</subfield>
<subfield code="c">von Moni Münstermann</subfield>
</datafield>
<datafield ind1=" " ind2=" " tag="250">
<subfield code="a">1. Auflage</subfield>
</datafield>
<datafield ind1=" " ind2=" " tag="259">
<subfield code="a">11</subfield>
</datafield>
<datafield ind1=" " ind2="1" tag="264">
<subfield code="a">Duisburg</subfield>
<subfield code="b">EK-2 Publishing GmbH</subfield>
<subfield code="c">Juni 2021</subfield>
</datafield>
<datafield ind1=" " ind2=" " tag="300">
<subfield code="a">117 Seiten</subfield>
<subfield code="b">Illustrationen</subfield>
<subfield code="c">28 cm</subfield>
</datafield>
<datafield ind1=" " ind2=" " tag="336">
<subfield code="a">Text</subfield>
<subfield code="b">txt</subfield>
<subfield code="2">rdacontent</subfield>
</datafield>
<datafield ind1=" " ind2=" " tag="336">
<subfield code="a">unbewegtes Bild</subfield>
<subfield code="b">sti</subfield>
<subfield code="2">rdacontent</subfield>
</datafield>
<datafield ind1=" " ind2=" " tag="337">
<subfield code="a">ohne Hilfsmittel zu benutzen</subfield>
<subfield code="b">n</subfield>
<subfield code="2">rdamedia</subfield>
</datafield>
<datafield ind1=" " ind2=" " tag="338">
<subfield code="a">Band</subfield>
<subfield code="b">nc</subfield>
<subfield code="2">rdacarrier</subfield>
</datafield>
<datafield ind1=" " ind2=" " tag="653">
<subfield code="a">(Produktform)Paperback / softback</subfield>
</datafield>
<datafield ind1=" " ind2=" " tag="653">
<subfield code="a">vegan for starters</subfield>
</datafield>
<datafield ind1=" " ind2=" " tag="653">
<subfield code="a">vegan rezepte</subfield>
</datafield>
<datafield ind1=" " ind2=" " tag="653">
<subfield code="a">obazda</subfield>
</datafield>
<datafield ind1=" " ind2=" " tag="653">
<subfield code="a">bayrische kochbuch</subfield>
</datafield>
<datafield ind1=" " ind2=" " tag="653">
<subfield code="a">bayrisch veggie</subfield>
</datafield>
<datafield ind1=" " ind2=" " tag="653">
<subfield code="a">vegane hausmannskost</subfield>
</datafield>
<datafield ind1=" " ind2=" " tag="653">
<subfield code="a">(VLB-WN)1455: Hardcover, Softcover / Ratgeber/Essen, Trinken/Themenkochbücher</subfield>
</datafield>
<datafield ind1=" " ind2="7" tag="655">
<subfield code="0">(DE-588)4114240-8</subfield>
<subfield code="0">https://d-nb.info/gnd/4114240-8</subfield>
<subfield code="0">(DE-101)041142403</subfield>
<subfield code="a">Kochbuch</subfield>
<subfield code="2">gnd-content</subfield>
</datafield>
<datafield ind1="2" ind2=" " tag="710">
<subfield code="8">2\p</subfield>
<subfield code="a">LeseGlück</subfield>
<subfield code="e">Herausgebendes Organ</subfield>
<subfield code="4">isb</subfield>
</datafield>
<datafield ind1=" " ind2=" " tag="850">
<subfield code="a">DE-101a</subfield>
<subfield code="a">DE-101b</subfield>
</datafield>
<datafield ind1="4" ind2="2" tag="856">
<subfield code="m">X:MVB</subfield>
<subfield code="q">text/html</subfield>
<subfield code="u">http://deposit.dnb.de/cgi-bin/dokserv?id=266ad5a492114df786b659397c420d35&amp;prov=M&amp;dok_var=1&amp;dok_ext=htm</subfield>
<subfield code="3">Inhaltstext</subfield>
</datafield>
<datafield ind1="4" ind2="2" tag="856">
<subfield code="m">B:DE-101</subfield>
<subfield code="q">application/pdf</subfield>
<subfield code="u">https://d-nb.info/1335205160/04</subfield>
<subfield code="3">Inhaltsverzeichnis</subfield>
</datafield>
<datafield ind1="2" ind2=" " tag="883">
<subfield code="8">1\p</subfield>
<subfield code="a">dnb</subfield>
<subfield code="d">20250203</subfield>
<subfield code="q">DE-101</subfield>
<subfield code="u">https://d-nb.info/provenance/plan#dnb</subfield>
</datafield>
<datafield ind1="1" ind2=" " tag="883">
<subfield code="8">2\p</subfield>
<subfield code="a">vlb</subfield>
<subfield code="d">20240710</subfield>
<subfield code="q">DE-101</subfield>
<subfield code="u">https://d-nb.info/provenance/plan#vlb</subfield>
</datafield>
<datafield ind1="2" ind2=" " tag="883">
<subfield code="8">3\p</subfield>
<subfield code="a">dnb</subfield>
<subfield code="d">20250409</subfield>
<subfield code="q">DE-101</subfield>
<subfield code="u">https://d-nb.info/provenance/plan#dnb</subfield>
</datafield>
<datafield ind1="r" ind2=" " tag="925">
<subfield code="a">ra</subfield>
</datafield>
<datafield ind1="1" ind2=" " tag="926">
<subfield code="a">WBJK</subfield>
<subfield code="o">93</subfield>
<subfield code="q">Publisher</subfield>
<subfield code="v">1.5</subfield>
<subfield code="x">Vegane Küche und Veganismus</subfield>
</datafield>
<datafield ind1="2" ind2=" " tag="926">
<subfield code="a">WBV</subfield>
<subfield code="o">93</subfield>
<subfield code="q">Publisher</subfield>
<subfield code="v">1.5</subfield>
<subfield code="x">Kochen: Gerichte und Menüs / Mahlzeiten</subfield>
</datafield>
<datafield ind1="2" ind2=" " tag="926">
<subfield code="a">WBJ</subfield>
<subfield code="o">93</subfield>
<subfield code="q">Publisher</subfield>
<subfield code="v">1.5</subfield>
<subfield code="x">Vegetarisches Kochen und Vegetarismus</subfield>
</datafield>
<datafield ind1="2" ind2=" " tag="926">
<subfield code="a">WBA</subfield>
<subfield code="o">93</subfield>
<subfield code="q">Publisher</subfield>
<subfield code="v">1.5</subfield>
<subfield code="x">Kochen und Rezepte allgemein</subfield>
</datafield>
<datafield ind1="2" ind2=" " tag="926">
<subfield code="a">WBVM</subfield>
<subfield code="o">93</subfield>
<subfield code="q">Publisher</subfield>
<subfield code="v">1.5</subfield>
<subfield code="x">Kochen: Hauptgerichte</subfield>
</datafield>
<datafield ind1="2" ind2=" " tag="926">
<subfield code="a">WBVQ</subfield>
<subfield code="o">93</subfield>
<subfield code="q">Publisher</subfield>
<subfield code="v">1.5</subfield>
<subfield code="x">Kochen: Desserts</subfield>
</datafield>
<datafield ind1="2" ind2=" " tag="926">
<subfield code="a">1DFG-DE-TB</subfield>
<subfield code="o">94</subfield>
<subfield code="q">Publisher</subfield>
<subfield code="v">1.5</subfield>
<subfield code="x">Bayern</subfield>
</datafield>
</record></recordData><recordPosition>5</recordPosition></record>